<?xml version="1.0" encoding="UTF-8"?><record xmlns="http://www.loc.gov/MARC21/slim" xmlns:cinclude="http://apache.org/cocoon/include/1.0" xmlns:zs="http://www.loc.gov/zing/srw/">
  <leader>01559nz  a2200289n  4500</leader>
  <controlfield tag="001">no2013055672</controlfield>
  <controlfield tag="003">DLC</controlfield>
  <controlfield tag="005">20130524075317.0</controlfield>
  <controlfield tag="008">130522n| azannaabn          |a aaa     c</controlfield>
  <datafield tag="010" ind1=" " ind2=" ">
    <subfield code="a">no2013055672</subfield>
  </datafield>
  <datafield tag="035" ind1=" " ind2=" ">
    <subfield code="a">(OCoLC)oca09479136</subfield>
  </datafield>
  <datafield tag="040" ind1=" " ind2=" ">
    <subfield code="a">MWA</subfield>
    <subfield code="b">eng</subfield>
    <subfield code="e">rda</subfield>
    <subfield code="c">MWA</subfield>
  </datafield>
  <datafield tag="046" ind1=" " ind2=" ">
    <subfield code="f">17731111</subfield>
    <subfield code="g">18150426</subfield>
  </datafield>
  <datafield tag="100" ind1="1" ind2=" ">
    <subfield code="a">Haswell, Betsey,</subfield>
    <subfield code="d">1773-1815</subfield>
  </datafield>
  <datafield tag="370" ind1=" " ind2=" ">
    <subfield code="a">Hubbardston, Mass.</subfield>
    <subfield code="b">Bennington, Vt.</subfield>
    <subfield code="e">Bennington, Vt.</subfield>
  </datafield>
  <datafield tag="375" ind1=" " ind2=" ">
    <subfield code="a">female</subfield>
  </datafield>
  <datafield tag="377" ind1=" " ind2=" ">
    <subfield code="a">eng</subfield>
  </datafield>
  <datafield tag="400" ind1="1" ind2=" ">
    <subfield code="a">Rice, Betsey,</subfield>
    <subfield code="d">1773-1815</subfield>
  </datafield>
  <datafield tag="400" ind1="1" ind2=" ">
    <subfield code="a">Rice, Betsy,</subfield>
    <subfield code="d">1773-1815</subfield>
  </datafield>
  <datafield tag="400" ind1="1" ind2=" ">
    <subfield code="a">Rice, Elizabeth,</subfield>
    <subfield code="d">1773-1815</subfield>
  </datafield>
  <datafield tag="400" ind1="1" ind2=" ">
    <subfield code="a">Haswell, Betsy,</subfield>
    <subfield code="d">1773-1815</subfield>
  </datafield>
  <datafield tag="400" ind1="1" ind2=" ">
    <subfield code="a">Haswell, Elizabeth,</subfield>
    <subfield code="d">1773-1815</subfield>
  </datafield>
  <datafield tag="670" ind1=" " ind2=" ">
    <subfield code="a">Haswell, A. Record of the family of Anthony Haswell, 1815:</subfield>
    <subfield code="b">p. 10 (Mrs. Betsey Haswell; m. Anthony Haswell; d. Apr. 26, 1815, age 41 yr., 5 mo.)</subfield>
  </datafield>
  <datafield tag="670" ind1=" " ind2=" ">
    <subfield code="a">American Ancestors, via WWW, Apr. 30, 2013:</subfield>
    <subfield code="b">Massachusetts Vital Records to 1850 (Betsy Rice; b. Nov. 11, 1773, Hubbardston, Mass.; dau. Silas and Lucy Rice)</subfield>
  </datafield>
  <datafield tag="670" ind1=" " ind2=" ">
    <subfield code="a">Find a grave, via WWW, Apr. 30, 2013</subfield>
    <subfield code="b">(Betsey Rice Haswell; b. Nov. 11, 1773; dau. Silas and Lucy (Knapp) Rice; m. Anthony Haswell, Sept. 30, 1799, Bennington, Vt.; d. Apr. 26, 1815, Bennington, Vt.)</subfield>
  </datafield>
  <datafield tag="670" ind1=" " ind2=" ">
    <subfield code="a">OCLC, Apr. 30, 2013</subfield>
    <subfield code="b">(hdg: Haswell, Betsey, 1774?-1815)</subfield>
  </datafield>
  <datafield tag="670" ind1=" " ind2=" ">
    <subfield code="a">MWA/NAIP files, Apr. 30, 2013</subfield>
    <subfield code="b">(hdg: Haswell, Betsey, 1773-1815; var.: Betsy Haswell; Elizabeth Haswell; Betsey Rice; Betsy Rice; Elizabeth Rice; note: b. 1773; d. 1815; dau. of Silas Rice and Lucy Knapp Rice; 2nd wife of printer Anthony Haswell of Bennington, Vt.)</subfield>
  </datafield>
</record>